@book{peschel-findelsen,
author = {Peschel-Findelsen, Thomas},
title = {make. GE-PACKT},
date = {2004},
location ={Bonn},
publisher = {mit-p Verlag}}

@book{gnu-tools,
author = {Dalheimer, Matthias Kalle},
title = {GNU-Tools zur Programmierung},
publisher = {O’Reilly},
location = {Köln},
date = {1998}}
