% Encoding: UTF-8
@STRING{beiprogramm     = {{\TeX}-Beiprogramm}}
@STRING{bretter         = {Bretter, die die Welt bedeuten}}
@STRING{dtk             = {DTK}}
@STRING{editorial       = {Editorial}}
@STRING{fremdebuehne    = {Von fremden Bühnen}}
@STRING{fundus          = {Aus dem Fundus}}
@STRING{grusswort       = {Grußwort}}
@STRING{hinterbuehne    = {Hinter der Bühne}}
@STRING{komascript      = {\KOMAScript}}
@STRING{leserbriefe     = {Leserbriefe}}
@STRING{magazin         = {Magazin}}
@STRING{rezensionen     = {Bücher und Rezensionen}}
@STRING{schonimmer      = {Was Sie schon immer über {\TeX} wissen wollten, \dots}}
@STRING{spielplan       = {Spielplan}}
@STRING{theaterkasse    = {Von der Theaterkasse}}
@STRING{theatertage     = {{\TeX}-Theatertage}}
@STRING{tippstricks     = {Tipps und Tricks}}


@book{peschel-findelsen,
author = {Peschel-Findelsen, Thomas},
title = {make. GE-PACKT},
date = {2004},
location ={Bonn},
publisher = {mit-p Verlag}}

@book{gnu-tools,
author = {Dalheimer, Matthias Kalle},
title = {GNU-Tools zur Programmierung},
publisher = {O’Reilly},
location = {Köln},
date = {1998}}

@book{gnu-make,
title = {Managing Projects with GNU Make},
author = {Robert, Mecklenburg},
publisher = {O’Reilly},
location = {Köln},
date = {2005},
edition = {3}
}
@article {dtk01.1:niepraschk:make,
  author        = {Rolf Niepraschk},
  title         = {\texttt{make} -- nur etwas für Profis?},
  journal       = dtk,
  date          = {2001},
  volume        = {13},
  number        = {1},
  month         = {4},
  pages         = {54--58},
  keywords      = {bretter},
}
